Encoding: Cp1252

@techreport{Abrahamsson2002,
    author = {Abrahamsson, P. and Salo, O. and Ronkainen, J. and Warsta, J.},
    institution = {VTT PUBLICATIONS},
    number = {478},
    title = {{Agile software development methods - Review and analysis}},
    year = {2002}
}

@Misc{Maps2014,
  author = {{Google, Inc.}},
  title = {Dominikanerplatz 3A, 39100 Bozen},
  howpublished = {\url{https://maps.google.it/maps?q=dominikanerplatz+bozen\&hl=de\&ie=UTF8\&sll=41.29085,12.71216\&sspn=34.235122,67.631836\&hnear=Dominikanerplatz,+Bozen,+Trentino-S\%C3\%BCdtirol\&t=m\&z=17\&iwloc=A}, accessed on March 7, 2014},  
}

@Book{Mich2015,
  author = 	 {Stefano Mich},
  title = 	 {Bachelor Thesis},
  publisher = 	 {Free University of Bolzano},
  year = 	 {2015},
}


@inproceedings{Finnie1996,
 author = {Finnie, Gavin R. and Wittig, Gerhard E.},
 title = {AI Tools for Software Development Effort Estimation},
 booktitle = {Proceedings of the 1996 International Conference on Software Engineering: Education and Practice (SE:EP '96)},
 series = {SEEP '96},
 year = {1996},
 isbn = {0-8186-7379-6},
 pages = {346--},
 url = {http://dl.acm.org/citation.cfm?id=829500.829889},
 acmid = {829889},
 publisher = {IEEE Computer Society},
 address = {Washington, DC, USA},
} 
